<record><leader>00000cas a22000007a 4500</leader><controlfield tag="001">17994656</controlfield><controlfield tag="008">880524d19752016txuwr ne      0    0eng d</controlfield><datafield ind1=" " ind2=" " tag="010"><subfield code="a">sn 88083586 </subfield></datafield><datafield ind1=" " ind2=" " tag="040"><subfield code="a">PPM</subfield><subfield code="b">eng</subfield><subfield code="c">PPM</subfield><subfield code="d">OCLCQ</subfield><subfield code="d">GZM</subfield></datafield><datafield ind1=" " ind2=" " tag="042"><subfield code="a">msc</subfield></datafield><datafield ind1="0" ind2="0" tag="245"><subfield code="a">News-leader.</subfield></datafield><datafield ind1=" " ind2=" " tag="260"><subfield code="a">Fort Sam Houston, Tex. :</subfield><subfield code="b">Sgt. Larry Reilly,</subfield><subfield code="c">1975-</subfield></datafield><datafield ind1="3" ind2=" " tag="260"><subfield code="3">&lt;Dec. 8, 2011-&gt;:</subfield><subfield code="a">Fort Sam Houston, Tex. :</subfield><subfield code="b">502nd Air Base Wing--Joint Air Base San Antonio-Fort Sam Houston</subfield></datafield><datafield ind1=" " ind2=" " tag="300"><subfield code="a">volumes :</subfield><subfield code="b">illustrations ;</subfield><subfield code="c">29 cm</subfield></datafield><datafield ind1=" " ind2=" " tag="310"><subfield code="a">Weekly</subfield></datafield><datafield ind1=" " ind2=" " tag="336"><subfield code="a">text</subfield><subfield code="b">txt</subfield><subfield code="2">rdacontent</subfield></datafield><datafield ind1=" " ind2=" " tag="337"><subfield code="a">unmediated</subfield><subfield code="b">n</subfield><subfield code="2">rdamedia</subfield></datafield><datafield ind1=" " ind2=" " tag="338"><subfield code="a">volume</subfield><subfield code="b">nc</subfield><subfield code="2">rdacarrier</subfield></datafield><datafield ind1="0" ind2=" " tag="362"><subfield code="a">Vol. 3, no. 8 (Feb. 27, 1975)-</subfield></datafield><datafield ind1=" " ind2=" " tag="500"><subfield code="a">Title from caption.</subfield></datafield><datafield ind1=" " ind2=" " tag="580"><subfield code="a">Merged with: Wingspread, and: Talespinner, to form: JBSA legacy.</subfield></datafield><datafield ind1=" " ind2=" " tag="588"><subfield code="a">Latest issue consulted: Vol. 58, no. 16 (Apr. 22, 2016).</subfield></datafield><datafield ind1=" " ind2="0" tag="650"><subfield code="a">Air bases</subfield><subfield code="z">Texas</subfield><subfield code="z">San Antonio</subfield><subfield code="v">Periodicals.</subfield></datafield><datafield ind1=" " ind2="0" tag="651"><subfield code="a">Fort Sam Houston (Tex.)</subfield><subfield code="v">Periodicals.</subfield></datafield><datafield ind1="1" ind2="0" tag="610"><subfield code="a">United States.</subfield><subfield code="b">Air Force.</subfield><subfield code="b">Air Base Wing, 502nd</subfield><subfield code="v">Periodicals.</subfield></datafield><datafield ind1=" " ind2=" " tag="752"><subfield code="a">United States</subfield><subfield code="b">Texas</subfield><subfield code="c">Bexar</subfield><subfield code="d">Fort Sam Houston.</subfield></datafield><datafield ind1=" " ind2=" " tag="752"><subfield code="a">United States</subfield><subfield code="b">Texas</subfield><subfield code="c">Bexar</subfield><subfield code="d">San Antonio.</subfield></datafield><datafield ind1="0" ind2="0" tag="780"><subfield code="t">Fort Sam Houston news-leader</subfield><subfield code="w">(DLC)sn 88083578</subfield><subfield code="w">(OCoLC)17992394</subfield></datafield><datafield ind1="1" ind2="7" tag="785"><subfield code="t">Wingspread</subfield><subfield code="x">0192-5202</subfield><subfield code="w">(DLC)sn 79003026</subfield><subfield code="w">(OCoLC)5107859</subfield></datafield><datafield ind1="1" ind2="7" tag="785"><subfield code="t">Talespinner (San Antonio, Tex. : 1991)</subfield><subfield code="w">(OCoLC)26134329</subfield></datafield><datafield ind1="1" ind2="7" tag="785"><subfield code="t">JBSA legacy</subfield><subfield code="w">(OCoLC)988401081</subfield></datafield></record>